<record><leader>00000cas a22000007a 4500</leader><controlfield tag="001">14255216</controlfield><controlfield tag="008">860923d19601968txuwr nd      0    0eng d</controlfield><datafield ind1=" " ind2=" " tag="010"><subfield code="a">sn 86089094 </subfield></datafield><datafield ind1=" " ind2=" " tag="040"><subfield code="a">PPM</subfield><subfield code="b">eng</subfield><subfield code="c">PPM</subfield><subfield code="d">OCLCQ</subfield></datafield><datafield ind1=" " ind2=" " tag="042"><subfield code="a">msc</subfield></datafield><datafield ind1="0" ind2="4" tag="245"><subfield code="a">The Plains record.</subfield></datafield><datafield ind1=" " ind2=" " tag="260"><subfield code="a">Plains, Tex. :</subfield><subfield code="b">Wendell and Pat Faught,</subfield><subfield code="c">1960-1968.</subfield></datafield><datafield ind1=" " ind2=" " tag="300"><subfield code="a">v. :</subfield><subfield code="b">ill.</subfield></datafield><datafield ind1=" " ind2=" " tag="310"><subfield code="a">Weekly</subfield></datafield><datafield ind1="0" ind2=" " tag="362"><subfield code="a">Vol. 1, no. 1 (Dec. 29, 1960) -v. 37 no. 45 (Nov. 14, 1968).</subfield></datafield><datafield ind1=" " ind2=" " tag="752"><subfield code="a">United States</subfield><subfield code="b">Texas</subfield><subfield code="c">Yoakum</subfield><subfield code="d">Plains.</subfield></datafield><datafield ind1="0" ind2="5" tag="780"><subfield code="t">Yoakum County review</subfield></datafield><datafield ind1="0" ind2="0" tag="785"><subfield code="t">Yoakum County constitution review</subfield></datafield></record>